@incollection{andersen2001,
  title={Parametric and nonparametric volatility measurement},
  author={Andersen, Torben G and Bollerslev, Tim and Diebold, Francis X},
  booktitle={Handbook of Financial Econometrics: Tools and Techniques},
  editor = {Yacine Ait-Sahalia and Lars Hansen},
  publiher = {North Holland},
  pages={67--137},
  year={2009},
  origdate={2002},
  publisher={Elsevier}
}
