% A - E

@article{andersen1998,
	title = {Answering the Skeptics: Yes, Standard Volatility Models Do Provide Accurate Forecasts},
	author = {Andersen, Torben G. and Bollerslev, Tim},
	year = {1998},
	journal = {International Economic Review},
	volume = {39},
	pages = {885--905}
}

@techreport{andersen2001,
  title={Parametric and Nonparametric Volatility Measurement},
  author={Andersen, Torben G. and Bollerslev, Tim and Diebold, Francis X.},
  institution = {NBER Technical Working Paper},
  number = {279},
  month = {August},
  year={2002}
  %booktitle={Handbook of Financial Econometrics: Tools and Techniques},
  %editor = {Yacine Ait-Sahalia and Lars Hansen},
  %publiher = {North Holland},
  %pages={67--137},
  %origdate={2002},
  %publisher={Elsevier}
}

@article{andersen2003,
  title={Modeling and Forecasting Realized Volatility},
  author={Andersen, Torben G. and Bollerslev, Tim and Diebold, Francis X. and Labys, Paul},
  journal={Econometrica},
  volume={71},
  number={2},
  pages={579--625},
  month = {March},
  year={2003},
  publisher={The Econometric Society},
  url = {https://www.jstor.org/stable/3082068},
  note = {accessed 26-09-2018}
}

%@article{andersen2008,
author = {Andersen, Torben G. and Bondarenko, Oleg},
doi = {10.2139/ssrn.1150136},
isbn = {w13449},
issn = {1556-5068},
journal = {Ssrn},
keywords = {C53,Corridor Implied Volatility,G12,G13,Model-Free Implied Volatility,Realized Volatility,Risk-Neutral Density,VIX,Volatility Forecasting},
number = {August},
title = {{Construction and Interpretation of Model-Free Implied Volatility}},
year = {2008}
}


@inproceedings{bakanova2010,
  title={The Information Content of Implied Volatility in the Crude Oil Market},
  author={Bakanova, Asyl},
  booktitle={Proceedings of the Brunel conference},
  pages={1--19},
  year={2010},
  organization={Citeseer}
}

@article{black1973,
  title={The Pricing of Options and Corporate Liabilities},
  author={Black, Fischer and Scholes, Myron},
  journal={Journal of Political Economy},
  volume={81},
  number={3},
  pages={637--654},
  year={1973},
  publisher={The University of Chicago Press}
}

@article{blair2001,
  title={Modelling {S\&P} 100 Volatility: The Information Content of Stock Returns},
  author={Blair, Bevan J. and Poon, Ser-Huang and Taylor, Stephen J.},
  journal={Journal of Banking \& Finance},
  volume={25},
  number={9},
  pages={1665--1679},
  year={2001},
  publisher={Elsevier}
}

@article{britten2000,
  title={Option Prices, Implied Price Processes, and Stochastic Volatility},
  author={Britten-Jones, Mark and Neuberger, Anthony},
  journal={The Journal of Finance},
  volume={55},
  number={2},
  pages={839--866},
  year={2000},
  publisher={Wiley Online Library}
}

@article{canina1993,
  title={The informational content of implied volatility},
  author={Canina, Linda and Figlewski, Stephen},
  journal={The Review of Financial Studies},
  volume={6},
  number={3},
  pages={659--681},
  year={1993},
  publisher={Oxford University Press}
}

@techreport{exchange2009,
  title={White Paper {C}boe Volatility Index},
  author={{Chicago Board of Options Exchange}},
  institution={Cboe Exchange},
  pages={1--23},
  year={2009}
}

@misc{SandP,
author = {{Chicago Board of Options Exchange}},
title = {Historic daily prices},
year = {2018},
note = {Data retrieved from \url{ http://www.cboe.com/products/stock-index-options-spx-rut-msci-ftse/s-p-500-index-options/s-p-500-index/spx-historical-data} [accessed November 8, 2018]} 
}

@misc{CBOE:old,
author = {{Chicago Board of Options Exchange}},
title = {{VIX} Data for 1990 - 2003},
year = {2018},
note = {Data retrieved from \url{ http://www.cboe.com/products/vix-index-volatility/vix-options-and-futures/vix-index/vix-historical-data} [accessed October 31, 2018]}  
}

@misc{CBOE:new,
author = {{Chicago Board of Options Exchange}},
title = {{VIX} Data for 2004 to present},
year = {2018},
note = {Data retrieved from \url{ http://www.cboe.com/products/vix-index-volatility/vix-options-and-futures/vix-index/vix-historical-data} [accessed October 31, 2018]} 
}

@techreport{christensen2001,
  title={The telescoping overlap problem in options data},
  author={Christensen, Bent J. and Hansen, Charlotte S. and Prabhala, Nagpurnanand R.},
  association = {University of Aarhus and University of Maryland},
  year={2002}
}

@article{christensen1998,
  title={The relation between implied and realized volatility1},
  author={Christensen, Bent J. and Prabhala, Nagpurnanand R.},
  journal={Journal of Financial Economics},
  volume={50},
  number={2},
  pages={125--150},
  year={1998},
  publisher={Elsevier}
}

%@article{christensen2002,
  title={New evidence on the implied-realized volatility relation},
  author={Christensen, Bent J. and Hansen, Charlotte S.},
  journal={The European Journal of Finance},
  volume={8},
  number={2},
  pages={187--205},
  year={2002},
  publisher={Taylor \& Francis}
}

@article{corsi2009,
author = {Corsi, Fulvio},
doi = {10.1093/jjfinec/nbp001},
journal = {Journal of Financial Econometrics},
number = {2},
pages = {174--196},
title = {A Simple Approximate Long-Memory Model of Realized Volatility},
volume = {7},
year = {2009}
}

%@article{day1992,
author = {Day, Theodore E. and Lewis, Craig M.},
doi = {10.1016/0304-4076(92)90073-Z},
isbn = {0304-4076},
issn = {03044076},
journal = {Journal of Econometrics},
number = {1-2},
pages = {267--287},
title = {Stock market volatility and the information content of stock index options},
volume = {52},
year = {1992}
}

@article{derman1994,
  title={Riding on a smile},
  author={Derman, Emanuel and Kani, Iraj},
  journal={Risk},
  volume={7},
  number={2},
  pages={32--39},
  year={1994}
}

%@article{diMatteo2007,
doi = {10.1080/14697680600969727},
isbn = {1469-7688},
issn = {14697688},
journal = {Quantitative Finance},
keywords = {Econophysics,Multifractal formalisms,Scaling,Time series analysis},
number = {1},
pages = {21--36},
title = {{Multi-scaling in finance}},
volume = {7},
year = {2007},
}

@article{dupire1994,
  title={Pricing with a smile},
  author={Dupire, Bruno},
  journal={Risk},
  volume={7},
  number={1},
  pages={18--20},
  year={1994}
}

@article{dupire1997,
  title={Pricing and hedging with smiles},
  author={Dupire, Bruno},
  journal={Mathematics of Derivative Securities},
  volume={1},
  number={1},
  pages={103--111},
  year={1997},
  publisher={Cambridge University Press Cambridge, UK}
}

%@article{engle2012a,
author = {Engle, Robert F and Sokalska, Magdalena E},
doi = {10.1093/jjfinec/nbr005},
journal = {JournalofFinancialEconom etrics},
number = {1},
pages = {54--83},
title = {{Forecasting intraday volatility in the US equity market. Multiplicative component GARCH Downloaded from}},
volume = {10},
year = {2012}
}



% F - J

@article{fleming1995,
  title={Predicting stock market volatility: A new measure},
  author={Fleming, Jeff and Ostdiek, Barbara and Whaley, Robert E},
  journal={Journal of Futures Markets},
  volume={15},
  number={3},
  pages={265--302},
  year={1995},
  publisher={Wiley Online Library}
}

%@article{harvey1992,
  title={Market volatility prediction and the efficiency of the S\&P 100 index option market},
  author={Harvey, Campbell R and Whaley, Robert E},
  journal={Journal of Financial Economics},
  volume={31},
  number={1},
  pages={43--73},
  year={1992}
}


%@misc{hull2006,
  title={Options, futures, and other derivatives},
  author={John, C and others},
  year={2006},
  publisher={Pearson/Prentice Hall}
}

@article{jiang2003,
author = {Jiang, George J. and Yisong, Tian S.},
title = {Model-Free Implied Volatility and Its Information Content},
doi = {10.1093/rfs/hhi027},
journal = {The Review of Financial Studies},
number = {4},
volume = {18},
year = {2005},
publisher={Oxford University Press}
}

@article{jiang2007,
  title={Extracting model-free volatility from option prices: An examination of the VIX index},
  author={Jiang, George J. and Tian, Yisong S.},
  year={2007},
  journal = {Journal of Derivatives},
  volume = {14},
  number = {3},
}

%@article{jorion1995,
  title={Predicting volatility in the foreign exchange market},
  author={Jorion, Philippe},
  journal={The Journal of Finance},
  volume={50},
  number={2},
  pages={507--528},
  year={1995},
  publisher={Wiley Online Library}
}

% K  - O

%@article{kambouroudis2015,
author = {Kambouroudis, Dimos and Mcmillan, David and Tsakou, Katerina},
doi = {10.1002/fut.21783},
file = {::},
title = {{Forecasting stock return volatility: a comparison of GARCH, implied volatility and realized volatility models}},
year = {2015}
}

%@article{lamoureux1993,
  title={Forecasting stock-return variance: Toward an understanding of stochastic implied volatilities},
  author={Lamoureux, Christopher G and Lastrapes, William D},
  journal={The Review of Financial Studies},
  volume={6},
  number={2},
  pages={293--326},
  year={1993},
  publisher={Oxford University Press}
}

@article{fama1970,
  title={Efficient capital markets: A review of theory and empirical work},
  author={Malkiel, Burton G. and Fama, Eugene F.},
  journal={The Journal of Finance},
  volume={25},
  number={2},
  pages={383--417},
  year={1970},
  publisher={Wiley Online Library}
}

@article{mandelbrot1963,
  title={The variation of certain speculative prices},
  author={Mandelbrot, Benoit B.},
  journal={The Journal of Business},
  pages={394--419},
  year={1963},
  volume={36}
}

@conference{mueller1993,
  title={Fractals and intrinsic time: A challenge to econometricians},
  author={M{\"u}ller, Ulrich A and Dacorogna, Michel M and Dav{\'e}, Rakhal D and Pictet, Olivier V and Olsen, Richard B and Ward, J Robert},
  year={1993},
  organization  = {Applied Econometrics Asociation}
}

@article{newey1987,
  title={Hypothesis testing with efficient method of moments estimation},
  author={Newey, Whitney K. and West, Kenneth D.},
  journal={International Economic Review},
  pages={777--787},
  year={1987},
  publisher={JSTOR}
}

@misc{Oxford:RV,
autor = {Heber, Gerd, Asger Lunde, Neil Shephard and Kevin Sheppard},
year = {2009},
title = {Oxford-Man Institute's realized library V0.2},
note = {Data retrieved from \url{https://realized.oxford-man.ox.ac.uk/data} [accessed October 13,2018]}
%publisher = {Oxford-Man Institute, University of Oxford}
}

% P - Z

@article{poon2003,
author = {Poon, Ser-huang and Granger, Clive W.J.},
title = {Forecasting volatility in financial markets: A review},
journal = {Journal of Economic Literature},
volume= {41},
number = {2},
pages = {478--539},
year = {2003}
}

@article{rubinstein1994,
  title={Implied binomial trees},
  author={Rubinstein, Mark},
  journal={The Journal of Finance},
  volume={49},
  number={3},
  pages={771--818},
  year={1994},
  publisher={Wiley Online Library}
}

@article{taylor2010,
  title={The information content of implied volatilities and model-free volatility expectations: Evidence from options written on individual stocks},
  author={Taylor, Stephen J and Yadav, Pradeep K and Zhang, Yuanyuan},
  journal={Journal of Banking \& Finance},
  volume={34},
  number={4},
  pages={871--881},
  year={2010},
  publisher={Elsevier}
}

@book{tsay2005,
  title={Analysis of Financial Time Series},
  author={Tsay, Ruey S},
  volume={543},
  year={2005},
  publisher={John Wiley \& Sons}
}

@techreport{whaley2008,
  title={Understanding VIX},
  author={Whaley, Robert E},
  year={2008},
  institution = {The Owen Graduate School of Management, Vanderbilt University},
  url = {https://papers.ssrn.com/sol3/papers.cfm?abstract_id=1296743},
  note = {[accessed October 14, 2018]}
}

@article{whaley1995,
	title={Predicting Stock Market Volatility: A New Measure},
	author = {Fleming, Jeff and Ostdiek, Barbara and Whaley, Robert E.},
	journal = {The Journal of Futures Markets},
	volume = {15},
	number = {3},
	pages = {265--302},
	year = {1995},
}



