@incollection{esping2006,
location = {Cambridge},
edition = {2},
title = {Three Worlds of Welfare Capitalism},
pages = {160--174},
booktitle = {The Welfare State Reader},
publisher = {Polity Press},
author = {Esping-Andersen, Gøsta},
editor = {Pierson, Christopher and Castles, Francis G. and Naumann, Ingela K.},
year = {2006},
origdate = {1990}
}
%
@inbook{esping2008,
location = {Oxford},
title = {Three Worlds of Welfare Capitalism},
pages = {160--174},
booktitle = {The Welfare State Reader},
publisher = {Polity Press},
author = {Esping-Andersen, Gøsta},
editor = {Pierson, Christopher and Castles, Francis G. and Naumann, Ingela K.},
year = {2008}
}